<record xmlns="http://www.loc.gov/MARC21/slim" xmlns:xsi="http://www.w3.org/2001/XMLSchema-instance" xsi:schemaLocation="http://www.loc.gov/MARC21/slim http://www.loc.gov/standards/marcxml/schema/MARC21slim.xsd"><leader>02452nam a2200481   4500</leader><controlfield tag="001">3375569</controlfield><controlfield tag="003">NNC</controlfield><controlfield tag="006">m        d        </controlfield><controlfield tag="007">cr cn |||m|||a</controlfield><controlfield tag="008">150223s1947    ua      ob    000 0 araod</controlfield><datafield ind1=" " ind2=" " tag="040"><subfield code="a">NNU</subfield><subfield code="b">eng</subfield><subfield code="e">rda</subfield><subfield code="c">NNU</subfield></datafield><datafield ind1=" " ind2=" " tag="043"><subfield code="a">ma-----</subfield></datafield><datafield ind1=" " ind2="4" tag="050"><subfield code="a">B745</subfield><subfield code="b">.H8 B13</subfield></datafield><datafield ind1="1" ind2=" " tag="100"><subfield code="6">880-01</subfield><subfield code="a">Badawi&#772;, &#699;Abd al-Rah&#803;ma&#772;n.</subfield></datafield><datafield ind1="1" ind2="3" tag="245"><subfield code="6">880-02</subfield><subfield code="a">al-Insa&#772;ni&#772;yah wa-al-wuju&#772;di&#772;yah fi&#772; al-fikr al-&#699;Arabi&#772; /</subfield><subfield code="c">ta&#700;li&#772;f &#699;Abd al-Rah&#803;ma&#772;n Badawi&#772;.</subfield></datafield><datafield ind1=" " ind2=" " tag="260"><subfield code="6">880-03</subfield><subfield code="a">al-Qa&#772;hirah :</subfield><subfield code="b">Maktabat al-Nahd&#803;ah al-Mis&#803;ri&#772;yah,</subfield><subfield code="c">1947.</subfield></datafield><datafield ind1=" " ind2=" " tag="300"><subfield code="a">online resource (12, 199 pages)</subfield></datafield><datafield ind1=" " ind2=" " tag="336"><subfield code="a">text</subfield><subfield code="2">rdacontent</subfield></datafield><datafield ind1=" " ind2=" " tag="337"><subfield code="a">computer</subfield><subfield code="2">rdamedia</subfield></datafield><datafield ind1=" " ind2=" " tag="338"><subfield code="a">online resource</subfield><subfield code="2">rdacarrier</subfield></datafield><datafield ind1="1" ind2=" " tag="490"><subfield code="6">880-04</subfield><subfield code="a">Dira&#772;sa&#772;t Isla&#772;mi&#772;yah ;</subfield><subfield code="v">4</subfield></datafield><datafield ind1=" " ind2=" " tag="500"><subfield code="a">Part of the Arabic Collections Online (ACO) project, contributed by Columbia University Libraries.</subfield></datafield><datafield ind1=" " ind2=" " tag="504"><subfield code="a">Includes bibliographical references.</subfield></datafield><datafield ind1=" " ind2=" " tag="533"><subfield code="a">Electronic reproduction.</subfield><subfield code="b">New York, N.Y. :</subfield><subfield code="c">New York University,</subfield><subfield code="d">2015.</subfield><subfield code="5">NNU</subfield></datafield><datafield ind1=" " ind2="0" tag="650"><subfield code="a">Islamic philosophy.</subfield></datafield><datafield ind1=" " ind2="0" tag="650"><subfield code="a">Humanism.</subfield></datafield><datafield ind1=" " ind2="0" tag="650"><subfield code="a">Existentialism.</subfield></datafield><datafield ind1=" " ind2="7" tag="650"><subfield code="a">Existentialism.</subfield><subfield code="2">fast</subfield><subfield code="0">(OCoLC)fst00918204</subfield></datafield><datafield ind1=" " ind2="7" tag="650"><subfield code="a">Humanism.</subfield><subfield code="2">fast</subfield><subfield code="0">(OCoLC)fst00963520</subfield></datafield><datafield ind1=" " ind2="7" tag="650"><subfield code="a">Islamic philosophy.</subfield><subfield code="2">fast</subfield><subfield code="0">(OCoLC)fst01730358</subfield></datafield><datafield ind1="2" ind2=" " tag="710"><subfield code="a">Columbia University.</subfield><subfield code="b">Libraries.</subfield></datafield><datafield ind1="0" ind2=" " tag="730"><subfield code="a">Arabic Collections Online.</subfield></datafield><datafield ind1="0" ind2="8" tag="776"><subfield code="i">Online version:</subfield><subfield code="a">Badawi&#772;, &#699;Abd al-Rah&#803;ma&#772;n.</subfield><subfield code="t">Insa&#772;ni&#772;yah wa-al-wuju&#772;di&#772;yah fi&#772; al-fikr al-&#699;Arabi&#772;.</subfield><subfield code="d">al-Qa&#772;hirah : Maktabat al-Nahd&#803;ah al-Mis&#803;ri&#772;yah, 1947</subfield><subfield code="w">(OCoLC)551495169</subfield></datafield><datafield ind1="0" ind2="8" tag="776"><subfield code="i">Print version:</subfield><subfield code="a">Badawi&#772;, &#699;Abd al-Rah&#803;ma&#772;n.</subfield><subfield code="t">al-Insa&#772;ni&#772;yah wa-al-wuju&#772;di&#772;yah fi&#772; al-fikr al-&#699;Arabi&#772;</subfield><subfield code="w">(NNC)3375569</subfield><subfield code="w">(DLC)ne 68003771 </subfield><subfield code="w">(OCoLC)23508558</subfield></datafield><datafield ind1="1" ind2=" " tag="800"><subfield code="6">880-05</subfield><subfield code="a">Badawi&#772;, &#699;Abd al-Rah&#803;ma&#772;n.</subfield><subfield code="t">Dira&#772;sa&#772;t Isla&#772;mi&#772;yah ;</subfield><subfield code="v">4.</subfield></datafield><datafield ind1="4" ind2="0" tag="856"><subfield code="u">http://hdl.handle.net/2333.1/zkh18c0g</subfield></datafield><datafield ind1="1" ind2=" " tag="880"><subfield code="6">100-01/r</subfield><subfield code="a">&#1576;&#1583;&#1608;&#1610;&#1548; &#1593;&#1576;&#1583; &#1575;&#1604;&#1585;&#1581;&#1605;&#1606;.</subfield></datafield><datafield ind1="1" ind2="2" tag="880"><subfield code="6">245-02/r</subfield><subfield code="a">&#1575;&#1604;&#1573;&#1606;&#1587;&#1575;&#1606;&#1610;&#1577; &#1608;&#1575;&#1604;&#1608;&#1580;&#1608;&#1583;&#1610;&#1577; &#1601;&#1610; &#1575;&#1604;&#1601;&#1603;&#1585; &#1575;&#1604;&#1593;&#1585;&#1576;&#1610; /</subfield><subfield code="c">&#1578;&#1571;&#1604;&#1610;&#1601; &#1593;&#1576;&#1583; &#1575;&#1604;&#1585;&#1581;&#1605;&#1606; &#1576;&#1583;&#1608;&#1610;.</subfield></datafield><datafield ind1=" " ind2=" " tag="880"><subfield code="6">260-03/r</subfield><subfield code="a">&#1575;&#1604;&#1602;&#1575;&#1607;&#1585;&#1577; :</subfield><subfield code="b">&#1605;&#1603;&#1578;&#1576;&#1577; &#1575;&#1604;&#1606;&#1607;&#1590;&#1577; &#1575;&#1604;&#1605;&#1589;&#1585;&#1610;&#1577;&#1548;</subfield><subfield code="c">1947.</subfield></datafield><datafield ind1="1" ind2=" " tag="880"><subfield code="6">490-04/r</subfield><subfield code="a">&#1583;&#1585;&#1575;&#1587;&#1575;&#1578; &#1573;&#1587;&#1604;&#1575;&#1605;&#1610;&#1577; &#1563;</subfield><subfield code="v">4</subfield></datafield><datafield ind1="1" ind2=" " tag="880"><subfield code="6">800-05/r</subfield><subfield code="a">&#1576;&#1583;&#1608;&#1610;&#1548; &#1593;&#1576;&#1583; &#1575;&#1604;&#1585;&#1581;&#1605;&#1606;.</subfield><subfield code="t">&#1583;&#1585;&#1575;&#1587;&#1575;&#1578; &#1575;&#1587;&#1604;&#1575;&#1605;&#1610;&#1577; &#1563;</subfield><subfield code="v">4.</subfield></datafield><datafield ind1=" " ind2=" " tag="959"><subfield code="a">NNU</subfield><subfield code="b">WEB</subfield><subfield code="c">GENI</subfield><subfield code="t">0</subfield><subfield code="m">Electronic access</subfield><subfield code="s">01</subfield></datafield><datafield ind1=" " ind2=" " tag="999"><subfield code="i">NNC_3375569</subfield><subfield code="o">(OCoLC)23508558</subfield><subfield code="s">columbia_aco000141</subfield></datafield></record>